<?xml version="1.0" encoding="UTF-8"?><collection xmlns="http://www.loc.gov/MARC21/slim"><record><leader>00534nam--2200145-i-4500</leader><controlfield tag="001">000009043</controlfield><controlfield tag="002">20161230</controlfield><controlfield tag="005">20161230201028</controlfield><controlfield tag="008">060222s1000------------r-----000-0-eng-d</controlfield><datafield ind1=" " ind2=" " tag="080"><subfield code="a">621.313.17:620.191</subfield></datafield><datafield ind1=" " ind2=" " tag="100"><subfield code="a">Ciofu, Val., Strat, L., Maltezeanu, G</subfield></datafield><datafield ind1=" " ind2=" " tag="245"><subfield code="a">Coroziunea in mediu subteran a metalelor folos ite pentru constructia motoarelor antigrizutoa se</subfield></datafield><datafield ind1=" " ind2=" " tag="260"><subfield code="a">Bucuresti, Cons.Nat.Al Ing.Si Tehn., 1969. 21 Pag</subfield></datafield><datafield ind1=" " ind2=" " tag="490"><subfield code="a">A Doua Conferinta A Electricienilor.Vii.Teorie Materiale Si Masurari Electrice</subfield></datafield><datafield ind1=" " ind2=" " tag="852"><subfield code="a">31702</subfield></datafield></record></collection>